@MISC{WEBSITE:1,
	HOWPUBLISHED = "\url{https://github.com/yiyuezhuo/bayes-torch}",
	AUTHOR = "Yueyi Zhuo",
	TITLE = "null title",
	MONTH = "April",
	YEAR = "2018",
	NOTE = "null note"
}

@article{carpenter2017stan,
  title={Stan: A probabilistic programming language},
  author={Carpenter, Bob and Gelman, Andrew and Hoffman, Matthew D and Lee, Daniel and Goodrich, Ben and Betancourt, Michael and Brubaker, Marcus and Guo, Jiqiang and Li, Peter and Riddell, Allen},
  journal={Journal of Statistical Software},
  volume={76},
  number={1},
  year={2017},
  publisher={Columbia Univ., New York, NY (United States); Harvard Univ., Cambridge, MA (United States)}
}

@article{patil2010pymc,
  title={PyMC: Bayesian stochastic modelling in Python},
  author={Patil, Anand and Huard, David and Fonnesbeck, Christopher J},
  journal={Journal of statistical software},
  volume={35},
  number={4},
  pages={1},
  year={2010},
  publisher={Europe PMC Funders}
}

@article{tran2016edward,
  author = {Dustin Tran and Alp Kucukelbir and Adji B. Dieng and Maja Rudolph and Dawen Liang and David M. Blei},
  title = {{Edward: A library for probabilistic modeling, inference, and criticism}},
  journal = {arXiv preprint arXiv:1610.09787},
  year = {2016}
}


@inproceedings{kucukelbir2014fully,
  title={Fully automatic variational inference of differentiable probability models},
  author={Kucukelbir, Alp and Ranganath, Rajesh and Gelman, Andrew and Blei, David},
  booktitle={NIPS Workshop on Probabilistic Programming},
  year={2014}
}

@article{kucukelbir2017automatic,
  title={Automatic differentiation variational inference},
  author={Kucukelbir, Alp and Tran, Dustin and Ranganath, Rajesh and Gelman, Andrew and Blei, David M},
  journal={The Journal of Machine Learning Research},
  volume={18},
  number={1},
  pages={430--474},
  year={2017},
  publisher={JMLR. org}
}

@article{blei2017variational,
  title={Variational inference: A review for statisticians},
  author={Blei, David M and Kucukelbir, Alp and McAuliffe, Jon D},
  journal={Journal of the American Statistical Association},
  volume={112},
  number={518},
  pages={859--877},
  year={2017},
  publisher={Taylor \& Francis}
}

@article{hoffman2014no,
  title={The No-U-turn sampler: adaptively setting path lengths in Hamiltonian Monte Carlo.},
  author={Hoffman, Matthew D and Gelman, Andrew},
  journal={Journal of Machine Learning Research},
  volume={15},
  number={1},
  pages={1593--1623},
  year={2014}
}

@article{hostetler2012inferring,
  title={Inferring strategies from limited reconnaissance in real-time strategy games},
  author={Hostetler, Jesse and Dereszynski, Ethan W and Dietterich, Thomas G and Fern, Alan},
  journal={arXiv preprint arXiv:1210.4880},
  year={2012}
}

@article{vsmejkal2016integrating,
  title={Integrating Probabilistic Model for Detecting Opponent Strategies Into a Starcraft Bot},
  author={{\v{S}}mejkal, Pavel},
  year={2016},
  publisher={Univerzita Karlova, Matematicko-fyzik{\'a}ln{\'\i} fakulta}
}

@article{touhou,
  title={The analysis for the operation sequence of bullet-hell game},
  author={Yueyi Zhuo},
  year={2017},
}